2032 3652
593 102 604 133 Ι

259 244 454 344 IthnN.
475 244 605 364 univ
625 236 770 339 νΑνΡ.
865 236 908 339 2'3

123 430 272 527 ,Πόντου
287 440 396 516 deuotio
418 442 633 530 συγχωρούσας

163 621 208 687 xll.
225 637 280 686 125.
293 648 368 704 seqq.¹
384 637 457 687 Hanc
466 636 612 687 cretionem
626 654 684 688 cnm
698 639 770 689 libris
782 640 905 692 omnibus
922 630 924 637 ¹

137 702 292 770 Iphigeniae
304 704 431 756 dedimus.
457 705 620 774 Tyrwhittus
636 716 721 758 tamen
739 719 765 757 et
780 709 902 776 Μαυρου-

135 772 193 822 vius
208 770 289 835 choro
306 772 421 824 tribuunt
439 775 596 841 argumentis
609 777 671 825 satis
684 777 822 842 speciosis,
840 778 902 845 qni-

136 839 186 893 δυο
199 841 253 906 ipse
267 841 329 893 olim
342 843 491 895 inducebdr.
509 844 681 894 Contenslnnt
694 846 773 906 enim,
791 846 899 896 chorum

134 908 233 959 rectius
257 909 307 959 dici
331 905 477 982 κλῃδοόχου
494 907 606 975 δούλαν,
637 930 712 980 qnam
730 913 898 980 Iphigeniam,
949 972 953 985 ¹

135 977 231 1027 deinde
248 978 410 1046 Iphigeniae,
444 981 538 1048 quippe
557 1000 622 1048 quse
639 984 665 1031 in
683 982 780 1047 templo
797 983 900 1033 habite-

135 1046 210 1106 verit,
228 1046 271 1110 (cf.
290 1066 314 1100 v.
330 1049 381 1116 tili.)
396 1067 451 1099 non
469 1050 609 1099 convenire
626 1048 682 1110 illus
697 1047 765 1118 πρός
781 1050 830 1103 suiv
848 1047 899 1103 oi·

134 1110 278 1167 λδνπόδα
300 1119 409 1184 πέμπω.
450 1120 484 1168 At
501 1119 571 1183 prins
589 1133 767 1180 argumentum
788 1121 836 1171 ianr
855 1121 898 1171 la·
970 1122 973 1127 ’

135 1181 275 1235 befactnvit
292 1184 458 1236 Illarlrlandus
473 1187 555 1237 citans
569 1187 768 1255 Wesselingium
786 1190 897 1240 Observ.

133 1249 157 1300 1.
182 1250 208 1300 3.
235 1251 278 1318 qui
300 1253 412 1303 Dearurn
438 1254 544 1314 multas,
580 1254 659 1305 immo
684 1257 767 1323 ipsein
793 1272 898 1323 quoquo

132 1310 253 1380 Dianam,
271 1314 432 1391 κλῃδοῦχοος
446 1321 528 1370 dictas
545 1337 600 1371 esse
614 1323 699 1377 docet
718 1320 796 1386 Quod
810 1334 897 1372 nutem

132 1388 199 1438 deae
216 1382 313 1439 δοόλαν
329 1407 385 1438 sese
401 1389 516 1454 appellat
532 1387 679 1452 Iphigenia,
710 1387 827 1440 similiter
848 1390 896 1439 Ion

130 1456 161 1506 in
186 1457 306 1522 cognomi
327 1474 341 1505 e
366 1456 452 1504 sabula
473 1468 500 1502 ν.
516 1453 576 1520 309.
600 1472 628 1503 ss
650 1455 779 1518 Apollinis
802 1452 897 1519 δοῦλον

126 1533 274 1588 nuncupat,
290 1524 351 1572 coll,
369 1523 432 1571 ibid.
449 1540 472 1570 v.
492 1521 546 1570 152.
566 1522 622 1572 182.
640 1520 671 1570 In
684 1521 784 1571 Troad.
801 1542 825 1573 v.
837 1523 896 1574 450.

130 1591 276 1659 Cassandra
291 1583 465 1644 ’Λπόλλωνος
480 1581 574 1655 λάτριν
589 1607 617 1640 se
635 1589 706 1641 dicit.
723 1589 807 1656 Ipsam
822 1591 897 1656 Iphi-

129 1658 235 1727 geniam
251 1657 320 1707 infra
335 1676 360 1706 v.
377 1674 447 1708 1121.
465 1656 554 1708 Thoas
567 1659 658 1724 templi
670 1652 794 1724 πυλωρόν
808 1669 894 1711 vocat.

127 1727 250 1790 Alterum
279 1737 458 1792 argumentum
489 1727 559 1792 quod
589 1726 695 1787 attinet,
733 1727 894 1780 domicilium

126 1790 235 1866 quidem
252 1792 363 1844 habebat
382 1794 514 1861 Iphigenia
531 1796 629 1862 templo
648 1795 811 1862 contiguum,
846 1797 892 1848 sed

127 1882 187 1916 enm
204 1859 238 1914 oh
256 1879 354 1913 causam
373 1877 426 1912 non
443 1880 548 1930 semper
565 1863 593 1914 in
611 1865 666 1930 ipso
685 1866 783 1932 templo
801 1883 892 1917 versa·
920 1920 923 1925 ,

125 1933 211 1984 batur.
237 1931 348 1982 Videtnr'
364 1932 397 1981 ab
413 1931 494 1982 altera
511 1944 585 1998 parte
602 1926 745 2000 Iphigenia,
762 1934 794 1985 ab
811 1934 893 1986 altera
919 1930 921 1937 ¹

128 2001 231 2052 Chorus
247 2001 338 2068 templi
356 2000 449 2049 atrium
466 2000 583 2050 intrasse.
617 2003 721 2052 Deinde
741 2021 791 2053 vox
805 1998 891 2070 stipu-

118 2087 127 2103 ¹
150 2072 203 2124 tire
219 2069 347 2119 sacerdoti
366 2068 543 2132 multomagis
561 2069 691 2129 convenit,
712 2088 787 2136 quom
805 2072 891 2122 ancil-

126 2089 180 2198 lhe,
196 2148 223 2189 et
236 2153 312 2205 quum
330 2136 405 2185 huius
418 2144 502 2183 terrae
516 2135 615 2183 incolas
628 2137 756 2200 appellat,
772 2137 890 2203 pronior&

124 2208 155 2258 in
169 2207 255 2257 animo
266 2204 347 2255 habet
357 2203 424 2270 ipsas
443 2198 488 2250 hus
505 2201 620 2251 ancillas.
651 2203 716 2250 Nam
731 2215 834 2267 praeter
845 2206 890 2255 h11s

124 2275 176 2326 iarn
195 2292 274 2324 nemo
290 2275 388 2324 aderat.
415 2269 473 2320 Pari
495 2270 574 2319 modo
593 2269 641 2319 Ion
657 2270 746 2333 templi
760 2272 891 2321 ministros

124 2345 265 2412 alloquitur
280 2361 304 2393 v.
317 2350 359 2408 pt.
373 2357 446 2407 seqq.
464 2337 550 2397 Porro,
559 2353 638 2389 voces
651 2331 722 2390 πόδα
735 2338 900 2405 παρθένιον
937 2340 941 2352 ’

124 2430 150 2464 v.
166 2428 223 2479 129.
247 2411 312 2460 hanc
330 2409 475 2459 orationem
496 2407 587 2458 Choro
606 2410 712 2472 prorsus
730 2407 890 2462 abiudicnnt.

125 2477 236 2532 Constat
254 2479 322 2529 enim
341 2475 436 2526 chorus
456 2492 488 2525 ex
509 2475 672 2536 mulieribus,
698 2476 790 2543 quibus
813 2475 889 2538 liberi

121 2549 272 2599 tribuuntur
292 2547 359 2596 infre
382 2563 407 2596 v.
427 2552 505 2595 ιοίςι.4
518 2555 546 2594 et
561 2561 626 2610 quse
642 2562 666 2596 v.
685 2561 756 2593 1112.
775 2545 903 2610 virgines,
980 2540 984 2547 '

121 2636 151 2668 se
164 2615 250 2667 adhuc
265 2633 319 2665 esse
332 2614 402 2681 ipsse
421 2621 524 2678 negant.
541 2611 597 2662 Nec
611 2612 687 2662 lnoile
701 2623 825 2681 corrupta
837 2613 887 2664 ha·
951 2614 955 2625 '

120 2685 177 2736 beri
189 2694 276 2751 potest
293 2681 527 2746 voxnspttvnu,
544 2698 622 2747 quum
636 2679 724 2730 eadem
744 2681 820 2731 leude
837 2682 886 2735 Ion

119 2754 248 2822 glorietur
267 2771 291 2802 v.
310 2753 366 2802 150.
383 2744 455 2803 ὅσιος
472 2745 518 2800 ἀπ’
538 2744 613 2801 trinnis
628 2744 674 2799 div·
709 2748 844 2800 Phoeniss.
859 2768 885 2801 v.

119 2826 180 2875 8411.
197 2821 312 2871 Tiresias
324 2818 356 2868 ad
368 2818 459 2868 lilium:
471 2812 583 2885 κλήρους
592 2819 621 2868 τέ
629 2836 677 2884 μοι
686 2810 801 2881 pilanus
812 2836 887 2887 παρ-

119 2893 197 2945 δένω
218 2893 289 2956 χερί,
308 2886 369 2936 coll.
385 2887 493 2952 Hippol.
519 2885 589 2935 1006.
631 2886 752 2952 Denique
773 2886 837 2936 infra
858 2905 885 2936 v.
922 2942 925 2947 ⁴

120 2941 190 3012 noli.¹
200 2955 347 3024 Iphigenia,
366 2972 444 3020 quum
458 2953 522 3003 dicit
534 2946 692 3019 δυσχόρτους
707 2955 795 3008 οἴκους
807 2958 883 3020 ναίω,

120 3027 252 3091 respicere
268 3024 371 3076 ridetur
387 3023 419 3072 nd
437 3042 460 3072 v.
483 3022 539 3074 132.
558 3021 601 3072 nbi
617 3015 721 3091 χόρτων
737 3018 885 3089 εὐδένδρων
914 3036 918 3041 “

119 3089 258 3162 Εὐρώπαν
274 3101 529 3144 αοπιαιοαιοτανοταῒι
607 3150 608 3154 ¹

153 3177 190 3245 Υ.
215 3178 271 3231 124.
308 3172 401 3230 διονοὶς
429 3171 613 3245 συγχωρούσας
642 3175 752 3246 πέτρας·
802 3172 886 3226 Recte
