2032 3652
45 389 53 437 i

169 204 178 225 1

91 310 133 355 22
218 314 220 319 ’
323 293 627 355 ΕΥΡΙΠΙΔΟΥ

377 480 394 512 c
403 478 418 512 τ
426 478 442 531 p
450 479 464 512 o
473 460 518 528 φή
541 454 568 513 οἱ.

354 551 595 612 ΙΦΙΓΕΝΕΙΑ.

101 626 281 709 Εὕφαμεῖτ’,
310 620 335 692 ὦ
450 622 457 651 ’

306 801 644 929 fflr'i‘issffi
781 890 785 897 ·

100 1064 272 1119 Fidcm'huic
291 1065 423 1132 systemati
441 1063 549 1112 maxime
573 1060 669 1111 facient
691 1059 764 1112 haec.
807 1056 872 1111 Pri-

100 1153 186 1195 mum,
213 1143 243 1183 ut
259 1133 355 1181 iustum
370 1131 536 1197 stropharum
552 1145 773 1198 personamque
796 1126 874 1178 ordi-

101 1221 164 1257 nem
182 1214 288 1261 taceam,
304 1200 558 1264 singulae'strophae
574 1197 718 1264 aptissimos
735 1207 765 1248 ut
784 1206 873 1247 metro

102 1275 141 1324 ita
156 1270 300 1323 sententiae
315 1269 412 1318 habent
425 1269 558 1319 terminos.
582 1266 688 1337 Deindq
704 1265 739 1316 de
755 1282 875 1332 respon-

104 1342 178 1392 sione
196 1337 360 1407 stropharum
377 1340 390 1389 ἑ
408 1337 495 1388 nullus
512 1334 668 1387 dubitationi
691 1333 767 1385 locus
781 1333 873 1384 relin·

70 1418 73 1423 ⁴
104 1412 194 1479 quitur
211 1410 245 1459 ob
262 1425 350 1460 versus
371 1403 426 1456 186.
445 1414 469 1456 et
488 1423 560 1472 2⁰9·›
589 1408 698 1472 quorum
715 1400 795 1468 paulo
805 1411 876 1453 ante

106 1479 267 1530 mentionem
296 1474 412 1526 fecimus.
463 1474 602 1526 Praeterea
625 1469 746 1536 strophas
773 1464 797 1522 δ’
824 1468 875 1520 sibi

107 1548 289 1613 respondisse,
309 1543 378 1593 haud
394 1542 505 1593 obscure
525 1551 632 1593 testatur
645 1538 802 1619 Hesychius,
821 1554 876 1590 vo·

109 1632 165 1664 cem
182 1610 366 1682 ἀντιψαλμούς
391 1627 490 1675 v.171.
516 1611 647 1676 explicans
670 1601 876 1674 sermonesve.

108 1681 318 1745 Responsionem
348 1678 462 1744 denique
491 1677 656 1744 stropharum
678 1669 702 1746 γ’
729 1676 878 1745 ambiguam
917 1698 921 1707 ·

109 1765 165 1799 esse
187 1762 241 1798 nou
264 1746 326 1794 sinit
342 1745 526 1796 continuorum
542 1745 768 1813 paroemiacorum
781 1742 879 1795 multi-

109 1816 188 1875 tudo,
217 1814 318 1883 qudem
335 1830 459 1878 nusquam
476 1814 538 1860 alias
555 1815 581 1862 in
599 1822 658 1861 toto
676 1813 808 1873 car'mine,
826 1804 879 1863 nisi

109 1876 218 1935 liberius
235 1879 358 1948 quaedam
377 1880 532 1939 mutaveris,
563 1879 715 1945 reperimus.
754 1880 810 1931 Has
827 1880 879 1931 au·

108 1961 165 2000 tem
186 1959 240 1998 tres
263 1946 381 2012 strophas
404 1945 447 2012 qui
465 1947 624 2012 respondere
640 1947 690 1998 sibi
708 1948 879 2010 concesserit,

110 2026 196 2066 totum
212 2025 322 2084 systema
339 2016 506 2079 concesserit.
547 2014 690 2068 Continent
707 2018 778 2068 euim
794 2018 881 2069 totius

111 2083 222 2141 aedificii
244 2083 449 2136 fundamentum.
474 2083 539 2135 ‘His
563 2096 651 2137 tamen
674 2085 833 2154 argumentis
856 2084 880 2136 si

113 2153 170 2225 quis
189 2152 356 2204 nihilominus
375 2152 480 2213 diffidat,
497 2156 571 2205 nimis
588 2155 668 2221 multa
684 2154 809 2204 mutanda
823 2169 879 2206 esse

82 2227 85 2231 ’
112 2224 278 2286 existimans,
309 2224 331 2273 is
349 2235 453 2289 praeter
477 2223 594 2272 carminis
612 2215 819 2288 ⁴longitudinem
834 2240 881 2274 se-

112 2309 173 2346 cum
189 2292 333 2361 perpendat
349 2291 440 2348 velim,
469 2291 591 2354 plurimas
608 2290 806 2342 emendationes
823 2308 881 2342 uon

113 2373 168 2415 tam
192 2363 226 2412 ob
250 2356 478 2421 antistrophicam,
512 2373 587 2420 quam
612 2356 720 2408 omnino
745 2360 780 2409 ob
799 2359 881 2411 metri

113 2427 268 2493 anapaestici
284 2423 427 2484 rationem,
452 2423 547 2474 multas
564 2424 642 2476 etiam
660 2427 695 2476 ob
711 2426 797 2494 ipsum
816 2446 882 2480 sen-

114 2512 171 2545 sum
187 2512 242 2544 esse
258 2492 423 2544 necessarias.
463 2491 530 2541 Nam
546 2493 567 2541 si
585 2494 677 2560 longus
702 2512 757 2546 esse
782 2497 882 2548 vellem

31 2592 33 2597 ·
114 2578 165 2612 nec
193 2562 266 2628 aequi
295 2561 402 2611 lectoris
429 2559 526 2609 indicio
553 2561 752 2628 relinquendum
780 2564 884 2635 aliquid

114 2640 242 2697 putarem,
259 2628 328 2679 haud
346 2627 449 2692 difficile
467 2638 534 2678 esset
549 2628 737 2693 demonstrare,
754 2635 884 2685 mutatio-

116 2714 163 2748 nes
186 2697 221 2747 ob
244 2697 326 2747 solam
349 2696 562 2759 antistrophicam*
584 2698 780 2764 dispositionem
793 2698 884 2753 'factas

117 2776 145 2815 et
160 2765 324 2832 paucissimas
344 2783 399 2815 esse
415 2775 442 2815 et
460 2762 605 2825 faciliores,
635 2776 734 2819 ceteros
750 2780 815 2821 vero
833 2771 884 2822 lo-

118 2851 163 2883 cos
181 2835 330 2893 omnes,in
346 2833 436 2902 quibus
454 2849 468 2881 a
483 2832 557 2884 libris
575 2835 759 2888 discedendum
778 2848 827 2899 est,
846 2839 883 2890 ob

117 2902 180 2952 alias
197 2920 283 2951 causas
300 2903 471 2952 mutationem
489 2903 617 2970 deaptare,
641 2906 694 2955 sive
713 2906 785 2966 eam,
802 2924 883 2974 quam

118 2987 166 3019 uos
185 2971 374 3037 proposuimus,
391 2970 445 3018 sive
461 2970 536 3019 aliann
554 2989 748 3042 quamcumque.
765 2977 882 3028 Postre-

117 3055 162 3090 mo
187 3038 332 3104 periculum
357 3037 431 3091 faciat
454 3038 561 3105 aliquis,
597 3051 680 3092 utrum
704 3045 753 3093 alia
776 3046 883 3099 rationo

118 3106 291 3173 antistropham
308 3108 435 3158 reducere
450 3107 545 3171 possit:
563 3107 645 3172 brevi,
662 3111 766 3177 opinor,
784 3130 883 3179 quam-

119 3192 228 3244 cumque
244 3175 311 3226 viam
328 3174 503 3242 ingrediatur,
535 3176 678 3232 innumeris
695 3195 723 3231 ss
740 3179 884 3235 difficulta-

119 3244 190 3297 tibus
206 3245 300 3299 sentiet
315 3242 479 3312 implicitum.
