2032 3652
203 192 221 221 ⁸
282 199 481 262 ΙΦΙΓΕΝ.
504 205 545 262 Η
563 204 636 263 ΕΝ
656 202 724 262 ΤΑ
736 202 806 262 ΥΡ.

223 366 344 472 μοίρας
364 343 577 467 εὖδοιίμονες”
560 390 652 441 οντες

164 445 242 522 ἀλλ’,
264 476 288 511 οι
307 474 401 530 σεμοη
422 450 507 534 παρά
529 479 546 514 τ
575 448 743 524 ἀθανάτοις

80 537 149 599 'sfio
165 537 222 599 καί
242 559 326 620 παρα
346 544 403 598 θαι
400 561 491 612 τοις
513 533 639 613 Παλλας
659 535 795 645 Αθάοα,

163 617 368 725 δράσομεγ
339 620 454 696 ουίως,
476 647 517 697 ως
539 620 579 687 οὐ
599 621 787 698 κελεύεις,Ι

162 704 247 789 μάλα
267 703 327 812 γοίρ
348 703 477 788 τερπνόν
498 706 695 776 κάνέλπιστον
852 716 928 789 1495

178 793 336 899 φήμην
357 791 480 857 οἶκοαῖσι
500 797 673 905 δέδεγμαι.

99 928 119 941 .
164 902 192 939 ω
212 881 289 961 μέγα
311 903 406 961 οιμκη
426 883 526 957 Νίκη,
546 878 599 946 τόν
619 876 692 966 ἐμοο

79 966 147 1031 465
163 964 272 1047 βίοτον
293 969 442 1069 κατέχοις,

230 1053 283 1113 καί
301 1046 344 1134 μή
363 1048 465 1135 λη’γοις
487 1051 691 1135 στεφανοῦσα.

161 1324 249 1379 reddo
269 1343 317 1394 per
339 1320 488 1393 οωζοιίοηο,
518 1324 565 1375 sed
582 1323 685 1391 explico
698 1322 799 1391 felices
819 1322 850 1375 ob
867 1341 925 1374 ser-

91 1394 96 1407 '
162 1404 258 1445 vatam
274 1397 341 1445 vitae
354 1407 452 1447 vestrae
466 1403 573 1453 sortem,
591 1394 610 1444 i.
624 1412 647 1443 e.
664 1392 754 1444 felices
768 1393 802 1443 ob
816 1403 922 1457 sortem,

162 1480 214 1533 que
228 1465 374 1515 servemini.
408 1463 547 1530 Musgrasii
563 1463 609 1513 lib.
626 1463 655 1512 Ρ
671 1458 837 1530 εὐδαίμονος

195 1548 231 1600 V.
251 1550 325 1602 1464.
357 1548 499 1614 „Precatio
522 1558 615 1616 poetae
637 1564 685 1614 pro
710 1548 780 1599 bono
804 1565 924 1600 successu

158 1616 283 1669 dramatis
300 1618 352 1679 sui,
369 1629 398 1670 ut
413 1617 440 1670 in
458 1617 555 1668 Oreste
571 1627 597 1666 et
615 1617 780 1677 Phoenissis,
797 1619 842 1668 ubi
856 1618 922 1669 scri-

157 1686 230 1739 bitur
248 1690 333 1747 Νίκα,
353 1688 423 1755 quod
439 1685 642 1753 praetulerim!⁴
664 1653 834 1738 Μιιιιιιιλιιιι.
868 1687 921 1738 Sed
1008 1742 1011 1747 ,

155 1764 215 1807 tum
231 1722 399 1805 scribeidum
417 1755 493 1805 etiam
509 1765 547 1806 est
565 1752 657 1823 σεμνοί,
677 1766 705 1804 ut
721 1755 876 1806 Porsonus
868 1773 920 1807 iam

155 1826 236 1877 etiam
258 1825 286 1874 in
307 1823 402 1874 Oreste
421 1823 491 1874 fecit.
536 1823 668 1876 Lucienus
688 1824 767 1875 Tem.
788 1825 836 1878 111.
861 1824 918 1877 158.

154 1891 217 1958 Bip.
232 1892 312 1941 hebet
328 1890 413 1958 οιμνη
429 1896 511 1960 Νίκη.
