2032 3652
204 234 263 309 192
446 225 745 289 ΕΥΡΙΠΙΔΟΥ

104 406 185 465 ttae
198 395 287 479 ἡμεῖς
303 392 330 463 δ’
342 390 586 479 ἀφειδήσαντες,
607 390 650 471 ὥς
669 391 825 475 ἕσιίδσμεν

204 519 981 546 -n--n--a—-uu-——u——u--n—-q-n

615 588 646 643 oi
660 584 690 644 di
706 586 842 655 κλίμακας
888 613 892 619 ·

269 653 428 714 σπεύδοντες
443 650 512 729 ἦγον
529 654 575 711 διαὶ
592 663 697 725 χερσῖν,
713 653 843 726 πρύμνης
856 652 881 709 τ’
895 654 961 722 ἄιτα,

268 724 369 780 πόντον
388 725 524 791 διδόντος,
542 725 579 801 τῇ
595 730 659 802 ξένῃ
677 729 821 780 καθίεσαν.
979 786 982 791 ,

200 812 262 879 Alii
278 831 340 864 vero
353 810 526 882 festinantes
543 811 635 863 scolas
652 813 683 863 in
700 809 827 862 manibus
841 821 979 883 apporta·
999 836 1005 843 ·

199 881 281 943 bant,
300 892 328 932 et
345 900 363 931 a
378 886 481 951 puppi,
495 892 582 950 ponto
599 890 657 931 turn
674 881 855 942 concedente,
874 882 978 950 hospiti

198 951 388 1003 demittebant.
421 947 598 1022 Πρυμνὴσια,
616 951 689 1019 quod
702 950 772 1000 olim
788 951 818 1001 in
836 953 977 1003 Exercitu-

197 1021 313 1070 tionibus
330 1020 454 1083 defendi,
473 1039 558 1087 nunc,
575 1030 671 1071 mutata
687 1020 834 1080 sententia,
853 1020 976 1087 repudio,

198 1089 267 1158 quia,
285 1089 308 1139 si
324 1089 359 1141 do
374 1091 450 1142 scalis
467 1089 546 1140 simul
561 1099 590 1140 et
606 1087 760 1156 rudentibus
777 1088 855 1157 loqui
873 1090 976 1157 voluis-

198 1168 239 1208 tet
254 1152 360 1221 enitor,
389 1159 601 1211 coniunctionem
623 1157 694 1209 haud
714 1155 802 1218 tdubie
824 1156 976 1209 adiecisset.

199 1226 285 1294 Origo
309 1227 398 1279 mendi
420 1226 560 1279 referenda
589 1236 631 1279 est
653 1227 686 1277 ad
709 1225 788 1276 finem
812 1221 890 1277 voc'is
920 1221 975 1279 sind

199 1312 258 1347 cmn
277 1294 353 1346 initio
369 1297 442 1347 vocis
457 1290 549 1363 πόνῄρ
563 1294 711 1356 confusum,
729 1294 804 1363 quod
819 1283 882 1347 fieri
897 1295 994 1347 tacite·

198 1364 300 1433 potuit,
319 1365 435 1415 versibus
445 1367 581 1417 ’continuo
596 1366 676 1415 ductu
692 1364 805 1430 scriptis,
825 1363 902 1415 utin
923 1363 975 1414 Ms.

200 1449 276 1500 27¹²·
301 1432 483 1485 Bibliothecae
501 1435 566 1502 Reg.
579 1433 693 1485 .Paris.“
711 1416 864 1491 Maiousv.
884 1432 976 1484 Locus

197 1518 260 1551 sane
278 1516 403 1567 perquam
420 1502 541 1555 difficilis.
573 1500 715 1570 Musgravii
732 1501 892 1553 mutationes
906 1502 976 1552 libe-

198 1571 285 1623 riores
297 1579 381 1633 suut,
410 1590 496 1640 neque
513 1572 619 1638 placent
637 1571 696 1630 ifle,
719 1564 822 1623 πόντου
842 1565 974 1632 διδόντας,

197 1640 290 1705 χερσῖν
313 1648 399 1689 autem
421 1641 527 1708 vulgato
550 1639 636 1709 χερῶν
658 1641 737 1690 etiam
762 1640 851 1690 minus
874 1650 974 1706 aptum,

155 1712 158 1717 ’
198 1722 277 1772 quum
295 1723 349 1755 non
368 1708 401 1758 de
413 1720 474 1760 'ano
486 1708 614 1771 -homine,
629 1707 676 1759 sed
694 1709 727 1759 de
744 1707 869 1773 pluribus
887 1726 974 1761 sermo

176 1775 240 1839 ⁵cit.
285 1773 314 1822 In
342 1775 579 1828 Exercitationibus
604 1796 629 1845 p.
651 1786 694 1843 47.
718 1777 784 1826 nihil
806 1776 858 1826 ille
884 1788 973 1842 mutat,

196 1860 274 1911 quam
292 1841 343 1908 τήν
359 1843 441 1912 ξένην
458 1846 485 1894 in
502 1846 539 1917 τῇ
551 1845 616 1916 ξένῃ
635 1855 662 1893 ct
678 1840 844 1908 πρυμνήσια
862 1846 973 1897 demissa

196 1921 270 1975 putat
287 1911 320 1958 ad
337 1915 533 1963 adscensionem
552 1913 699 1960 iuvandam.
740 1911 838 1960 Facilis
866 1916 973 1982 quidem

197 1988 236 2026 est
253 1981 382 2028 correctio
399 1979 436 2048 τῇ
453 1979 532 2048 ξένῃ,
549 1979 647 2045 sedne
665 1977 716 2026 hoc
733 1978 845 2045 quidem
864 1983 975 2050 Etnipi.

196 2045 255 2093 dem
273 2045 376 2094 dedisse
398 2056 472 2114 pato.
512 2047 580 2096 Nam
598 2047 669 2096 unde
687 2046 756 2111 regis
778 2050 913 2102 satellites
931 2071 974 2102 su-

194 2112 365 2178 spicarentur,
382 2117 478 2166 scalam
494 2115 548 2167 sive
566 2115 690 2185 quicquid
708 2132 741 2165 ex
757 2132 827 2167 nove
846 2119 975 2171 demitte-

193 2178 286 2243 batus,
311 2181 363 2251 hoc
379 2185 543 2255 Iphigeniae
560 2185 726 2253 potissimum
742 2184 862 2250 demitti,
887 2205 993 2258 neque,

124 2254 127 2268 ‘
193 2251 283 2323 potius
301 2253 392 2307 Oresti
409 2268 435 2306 et
454 2257 554 2322 Pyladi,
571 2256 664 2322 quibus
681 2270 736 2303 non
751 2253 840 2304 minus
856 2257 973 2309 adscen-

194 2321 312 2374 dendum
330 2336 398 2385 erat,
428 2341 593 2392 quorumque
617 2338 709 2372 navem
732 2339 790 2373 esse
806 2325 973 2390 apparebat?

194 2392 281 2445 Immo
299 2395 347 2443 hos
365 2395 437 2460 ipsos
452 2410 536 2458 prope
556 2391 589 2440 ad
607 2389 714 2455 puppim
732 2390 873 2452 adstitisse,
892 2412 971 2460 supra

194 2458 292 2510 dictum
310 2473 363 2514 ests
388 2460 420 2509 de
439 2460 575 2526 Iphigenia
592 2468 688 2517 autom,
707 2459 751 2509 ubi
765 2461 883 2522 steterit,
903 2464 971 2514 nihii

194 2527 279 2579 adhuc
304 2529 486 2594 comperimus.
538 2528 597 2578 Vim
623 2527 734 2593 aliquam
763 2528 858 2591 habet,
899 2532 971 2600 quod

194 2597 355 2664 Musgravius
368 2595 463 2661 tangit,
480 2595 645 2663 participium
664 2591 825 2653 oneidovces
840 2600 971 2662 indicare,

193 2662 225 2718 τὸ
249 2662 375 2718 cassidem
397 2662 529 2732 κλίμακας
548 2673 574 2711 et
595 2661 625 2714 τὸ
649 2660 727 2734 ἄγειν
747 2662 912 2735 πρυμνήσια
937 2670 970 2719 cd

192 2750 270 2783 unam
287 2735 449 2799 eandemque
466 2733 596 2783 actionem
615 2735 777 2799 pertinuisse.
795 2737 865 2786 Sunt
879 2749 971 2789 tamen

193 2800 288 2857 Graeci
305 2804 332 2852 in
351 2802 550 2868 participiorum
562 2810 615 2851 'usu
632 2804 884 2868 pnsslosliberiores,
910 2825 971 2857 ma-

190 2869 261 2919 xime
285 2889 363 2936 quum
387 2870 420 2919 de
442 2869 588 2923 actionibus
613 2889 698 2922 sermo
722 2881 776 2935 est,
813 2889 883 2940 quse
914 2893 970 2927 uno

191 2937 337 3004 codemque
363 2949 484 3005 tempore
506 2939 586 2996 fiunt,
619 2940 651 2992 cf,
676 2939 801 2992 Matthiae
825 2943 858 2992 ad
885 2945 970 2997 Hom.

190 3005 408 3072 Hymn.p.15·i.
433 3008 593 3059 Monendnm
611 3010 687 3058 etiam
707 3018 760 3068 est,
780 3026 873 3061 vocem
893 3032 971 3082 πρυ-

191 3068 294 3143 μνήσια
312 3075 356 3125 vix
373 3095 479 3143 nsquam
497 3078 529 3126 do
548 3077 603 3127 ..tiis
617 3077 721 3127 sonibus
736 3079 867 3144 usurpari,
888 3101 971 3150 quam

191 3161 257 3211 quse
273 3143 335 3195 alias
352 3139 484 3215 ἀπόγεια,
501 3143 608 3217 ἐπίγεια
614 3185 622 3210 ,
638 3149 778 3216 πείσματα
795 3147 899 3203 Graeci
917 3170 970 3206 vo-

719 3296 729 3353 ι’
