2032 3652
173 268 217 329 66
304 284 309 295 ·
405 258 702 320 ΕΥΡΙΠΙΔΟΥ
789 286 792 291 ’

173 436 267 507 οἴκοις
287 428 369 496 πόλει
391 449 422 489 τε
443 420 579 508 πατρῴ-ι

172 546 193 599 ᾳ
213 514 346 599 τερπνῶν
366 510 467 591 ὕμνων
488 506 626 573 οἷπολαύ.

90 615 152 674 440
172 628 216 666 ειν
236 594 338 665 ιιοινύν
356 592 445 678 χάριν
468 593 557 677 ὄλβῳ.

147 726 231 818 Ιἀλλ’
249 752 310 829 οἵδε
328 745 424 831 χέρας
444 747 564 828 δεσμοῖς
585 742 721 828 διδύμοις

173 978 198 1023 et
212 967 240 1017 in
256 962 380 1032 stropha:

311 1076 314 1089 .
336 1030 388 1085 τᾶν
404 1026 591 1101 πολούρνιθον
607 1029 645 1090 εἷς
661 1034 735 1089 αἶαν.

171 1103 270 1156 Vocem
286 1118 341 1168 σνμ
360 1105 425 1169 αιήν
442 1104 499 1153 noli
519 1104 669 1153 sollicitare.
702 1104 792 1156 Bastio
810 1106 845 1156 ad
863 1104 938 1158 Gre-

169 1190 226 1241 ρον.
244 1168 326 1220 Corin
359 1207 366 1221 .
391 1186 417 1236 p.
434 1172 493 1239 923.
519 1171 547 1221 in
564 1171 719 1223 Philostrati
735 1173 798 1223 loco
816 1175 886 1225 Her.
911 1191 939 1242 p.

173 1238 229 1291 rofi.
251 1234 414 1309 δημαγωγία
430 1239 462 1292 ἐν
477 1244 618 1307 μειρακίου
636 1238 831 1310 ξυμβεβηκὸτα
848 1243 940 1294 corri-

169 1307 239 1377 genti
257 1303 465 1378 ξομβεβιοιιιύτα
482 1307 561 1359 docte
577 1309 728 1362 Schaeferus
746 1311 863 1378 opponit
874 1312 940 1363 Ari-

170 1374 256 1442 stoph.
274 1376 342 1428 Ron.
362 1377 421 1444 807.
445 1372 506 1430 ούτε
524 1375 576 1448 γοὶρ
594 1373 757 1445 Ἀθηναίοις
775 1378 941 1448 ξυνέβαινεν

170 1438 317 1509 Αἰσχύλος,
339 1445 384 1496 nbi
400 1444 559 1498 Brunckius:
582 1447 700 1510 „Glossa
716 1448 750 1497 ad
766 1446 939 1516 ξυνέβαινεν,

83 1544 87 1549 -
170 1512 292 1583 ἔχαιρεν,
309 1509 454 1580 ἀπεδέχετο
472 1509 602 1579 αύτούι,“
620 1527 647 1567 et
662 1516 775 1584 Dionys.
794 1516 885 1568 Helio.
905 1518 939 1567 de

170 1582 296 1648 Compos.
317 1583 398 1634 Verb.
417 1603 440 1635 c.
456 1583 543 1634 XVII.
565 1601 592 1650 p.
611 1584 669 1636 πού.
690 1584 732 1635 ed.
751 1583 855 1638 schaef.
877 1586 939 1648 Σοὶ,

105 1652 113 1669 ⁴
171 1652 272 1719 Φοῖβε,
307 1650 418 1702 Μοῦσαί
436 1670 466 1703 τε
491 1651 644 1720 ουμβῶμιν.
687 1655 730 1704 Βο
753 1652 939 1719 Aristophanis

171 1717 234 1768 loco
253 1719 339 1770 obiter
355 1736 466 1783 moneo,
489 1738 524 1770 ne
541 1723 596 1786 quis
611 1722 738 1787 Brunokii
753 1723 939 1773 auctoritatem

169 1787 268 1838 veritus
285 1789 318 1836 de
335 1787 438 1837 musicis
456 1788 508 1836 suis
524 1791 627 1841 auribus
643 1792 746 1851 timeat,
761 1792 783 1841 si
800 1809 861 1842 cum
880 1791 939 1842 Co·

171 1854 273 1905 dicibus
293 1856 358 1904 Rav.
378 1855 501 1904 Brunckii
515 1856 548 1905 A.
566 1858 596 1906 Β.
614 1868 642 1906 et
659 1859 766 1910 Venetis
783 1859 847 1910 meis
867 1859 938 1910 duo-

170 1923 219 1976 bus
235 1924 367 1988 praeferat
383 1922 536 1973 lectionem:

239 2005 301 2061 ούτε
316 2007 368 2077 γάρ
385 2003 565 2074 Ἀθηναίοισι
583 2005 719 2076 συνέβαιν’
735 2007 879 2078 Αἰσχύλος.

203 2091 240 2143 V.
258 2094 317 2160 459.
352 2088 540 2160 Coniungenda
557 2103 617 2143 sunt
640 2088 788 2147 ἀπολαύειν
812 2095 844 2160 (i.
857 2113 883 2145 e.
902 2090 939 2150 oie

169 2156 332 2226 ἀπολαύειν)
348 2157 428 2233 χάριν
441 2162 563 2232 τερπνῶν
580 2158 680 2232 ὕμνων.
708 2158 813 2230 Χάρις,
830 2173 859 2213 ut
875 2182 939 2216 sae-

170 2247 221 2297 pe,
238 2231 364 2295 significat
380 2233 556 2300 voluptatem.
589 2235 631 2283 Do
653 2232 846 2282 constructione
863 2232 942 2285 verbi

171 2293 321 2352 α’πολοιύειν
337 2302 389 2351 vid.
403 2303 484 2352 Henr.
499 2301 589 2368 Stcph.
606 2301 671 2350 Lex.
690 2300 723 2350 11.
742 2319 769 2367 p.
786 2301 846 2351 604.

205 2384 240 2437 V.
256 2385 316 2441 440.
339 2386 433 2438 ιιοινοὶν
450 2405 474 2449 χ.
492 2383 573 2454 ὄλβῳ.
590 2384 677 2435 Vertit
687 2386 826 2437 Heathins:
843 2405 953 2451 ‚‚com-'

172 2470 251 2504 mune
271 2455 403 2521 gaudium
427 2452 504 2503 rebus
528 2453 676 2503 secundis“
705 2454 723 2506 i.
748 2473 771 2507 e.
795 2456 940 2508 fortunatis

170 2521 319 2574 hominibus
334 2521 482 2588 proprium.

204 2607 239 2659 V.
257 2608 317 2658 441.
351 2606 421 2657 Male
438 2607 502 2658 haec
519 2606 596 2674 vulgo
613 2604 763 2657 tribuuntur
784 2606 940 2672 Iphigeniae

171 2694 252 2744 usque
268 2676 301 2725 ad
318 2693 342 2725 v.
359 2676 419 2743 447.
462 2675 557 2728 Omnia
579 2673 661 2724 Chori
684 2694 739 2727 esse
763 2677 862 2726 nemini
884 2678 939 2728 du-

115 2781 118 2787 ·
170 2747 244 2796 bium
269 2744 332 2806 erit,
365 2747 409 2811 qni
435 2744 558 2811 Tragicos
581 2752 678 2793 attente
700 2744 802 2811 legerit.
841 2744 940 2796 Errori

171 2813 331 2865 occasionem
352 2813 483 2863 dederunt
504 2812 582 2863 verba
600 2812 708 2881 σιγᾶτε,
740 2811 833 2881 φίλαι,
868 2831 940 2881 quae

170 2881 320 2950 Iphigeniae
336 2898 412 2948 qnam
427 2882 516 2932 Choro
530 2880 608 2946 magis
620 2882 771 2932 viderentur
783 2883 939 2936 convenire.

172 2951 224 3002 Sed
241 2949 383 3016 compellat
399 2951 546 3018 saepissime
563 2951 649 2999 socios
666 2951 844 3018 Coryphaeus.

204 3035 269 3086 Ibid.
297 3029 427 3102 διδύμοις.
466 3034 573 3084 Retinui
590 3033 652 3084 Aldi
674 3035 832 3095 lectionem,
867 3055 938 3105 quoe

172 3115 241 3157 certe
257 3103 317 3155 ferri
334 3114 429 3171 potest.
462 3104 529 3154 Nam
547 3119 625 3169 quum
641 3103 693 3152 duo
712 3116 810 3168 essent,
830 3106 936 3170 duplici

172 3175 248 3228 etiam
272 3172 398 3241 compede
423 3176 488 3239 opus
512 3182 575 3222 erat.
616 3171 672 3221 Nec
695 3181 783 3223 temen
808 3174 935 3240 displicet
