2032 3652
51 344 54 349 ⁶
94 273 170 334 ¹9⁰·
334 249 660 313 ΕΥΡΙΠΙΔΟΥ.
688 338 692 343 Ι

531 366 543 391 Q

92 424 209 497 surreie
224 422 257 486 δέ
272 420 399 507 πρῶραν
415 419 507 506 εἶχον,
520 427 550 485 οἱ
566 416 756 484 δ’ἕπωτίὃων
784 424 868 480 1350
895 470 899 477 .

124 580 852 601 ...mm—..-

94 670 148 727 eirm'
166 673 214 742 τῆς
229 669 340 728 πόλεως.
376 672 523 726 Confirmat
539 674 591 726 hos
608 693 648 725 res
667 673 732 741 ipsa.
764 671 868 738 Puppis

94 745 192 794 scilicet
209 744 283 793 litori
332 762 364 793 ex
382 761 456 794 ruore
480 745 644 812 antiquorum
670 744 783 794 obversa
800 749 867 790 erat.

95 815 308 864 Consentaneum
321 811 409 875 igitur,
419 807 458 862 'ab
473 811 520 864 hac
530 823 604 880 parte
616 815 730 873 stetisse,
748 809 793 877 qui
804 825 869 859 mox

93 876 243 931 adscensuri
257 879 366 931 'era111.“
390 882 428 931 lta
440 881 614 949 Musgravius,
634 881 677 930 cui
691 886 726 936 de
740 878 868 944 replane

35 1012 44 1018 -
93 949 229 1000 assentior.
252 949 348 999 .Errat
364 949 504 1013 Heatlrius,
536 951 580 1018 qui
602 951 681 1000 etiam
702 943 867 1016 Iphigeniam

92 1026 167 1085 putat
191 1036 280 1068 narem
306 1020 416 1068 intrasse
439 1035 548 1086 eamque
570 1027 662 1085 postea
691 1035 707 1066 a
736 1012 867 1066 Thoantis

93 1084 249 1138 satellitibus
269 1105 301 1137 ex
319 1105 349 1137 ea
365 1105 422 1138 esse
438 1097 584 1139 retractam.
610 1087 672 1137 Hos
689 1085 783 1153 falsum
800 1099 867 1142 esse,-

96 1172 175 1222 quum
191 1155 241 1206 alia
259 1156 455 1219 demonstrant,
471 1166 533 1206 tum
551 1156 619 1216 hoe,
643 1154 733 1222 quod,
751 1154 776 1203 si
795 1153 869 1203 Ore-

96 1234 148 1274 stes
166 1241 225 1275 cum
245 1239 338 1274 sorore
356 1235 382 1275 et
398 1225 482 1276 amico
500 1241 593 1275 narem
609 1223 767 1286 intrassent,
796 1219 869 1270 haud

98 1290 176 1344 dubie
199 1292 275 1345 etiarn
301 1294 365 1344 deae
388 1303 496 1345 statuam
519 1310 608 1345 secum
631 1293 762 1343 tulissent.
803 1289 869 1339 Eam

97 1366 186 1412 tamen
202 1362 271 1412 iufra
287 1364 392 1417 demum
409 1382 433 1415 v.
454 1362 528 1416 1350.
545 1365 652 1421 Orestes
670 1360 730 1411 navi
746 1353 869 1424 imponit,

99 1430 179 1482 Dices
203 1433 281 1482 etiam
304 1431 372 1482 hanc
389 1448 404 1480 a
422 1430 551 1483 Thoantis
569 1430 695 1482 ministris
712 1446 747 1479 ex
765 1426 825 1478 irari
840 1426 870 1475 in

97 1496 172 1552 littus
191 1517 247 1552 esse
268 1509 435 1566 reportatam.
478 1499 515 1551 At
531 1502 636 1552 ubinam
654 1499 707 1549 hoc
725 1493 870 1548 docemur?

97 1568 239 1620 Praeterea
257 1569 279 1617 si
295 1570 403 1620 Orestes
422 1580 445 1618 et
464 1568 578 1637 Pylades
593 1587 628 1618 ex
645 1584 710 1617 nave
730 1564 873 1633 egredien-

100 1642 140 1686 tes
159 1637 186 1685 in
204 1636 268 1686 istos
288 1637 408 1687 homines
432 1637 556 1705 impetum
579 1637 717 1696 fecissent,
749 1634 872 1702 profecto

101 1720 154 1753 non
173 1705 224 1754 soli
241 1704 337 1770 egressi
353 1715 453 1768 essent,
483 1707 528 1757 sed
545 1707 654 1766 milites,
686 1704 734 1770 q¹¹i
760 1705 788 1755 iu
814 1701 875 1752 118Ὑὶ

103 1782 194 1832 erant,
210 1773 284 1824 simul
303 1775 496 1826 descendissent
513 1777 544 1826 ad
564 1793 641 1841 opem
659 1773 712 1824 illis
728 1771 875 1823 ferendam.

104 1844 213 1907 Orestes
240 1842 326 1907 potius
346 1855 371 1893 et
390 1844 502 1909 Pylades
523 1846 595 1892 naris
612 1842 753 1905 appulsum
779 1838 875 1906 exspel

33 1920 36 1929 '
104 1920 219 1971 stantes,
253 1910 340 1960 subito
372 1929 387 1959 a
410 1911 537 1960 Thoantis
569 1906 724 1956 satellitibus
758 1910 876 1961 circum-

102 1977 187 2034 venti,
207 1993 285 2042 quum
304 1977 389 2033 uaris,
413 1979 483 2026 unda
501 1976 623 2043 arixilium
641 1976 673 2024 iis
690 1988 777 2037 esset,
806 1995 877 2028 uon-

103 2048 164 2094 dum
183 2045 259 2110 piane
275 2045 428 2111 appulisset,
446 2046 497 2099 soli
511 2064 538 2098 se
548 2045 706 2113 cogebantur
719 2045 876 2098 defendere.

83 2208 86 2215 Ι
128 2143 173 2210 Ὺ.
199 2144 282 2201 ιὸιθ..
297 2144 418 2218 πρῶραν.
452 2116 541 2215 Vulgi>
558 2139 685 2216 πρώρας,
709 2163 743 2195 ex
760 2146 880 2196 Brodaei

105 2215 273 2277 coniectura,
290 2217 375 2270 Aldus
390 2211 523 2284 πρῴροις,
542 2233 596 2267 nou
614 2209 734 2281 apuleus,
751 2225 780 2264 nt
793 2217 881 2266 refert

106 2284 277 2349 Musgravius.
296 2286 349 2336 Sed
364 2287 449 2336 Codd.
468 2288 525 2336 Par.
543 2300 632 2334 omnes
646 2277 769 2349 πρῶραν.
788 2286 880 2336 Docte

107 2354 211 2405 dehoc
230 2356 289 2403 loro
307 2354 420 2419 disputat
440 2352 617 2418 lllusgravius:
649 2353 786 2413 „Videtur
813 2370 880 2419 per·

108 2438 181 2471 versa
211 2422 285 2472 liuius
314 2421 444 2470 clausulae
467 2419 647 2485 interpretatio
676 2422 799 2470 tenebras
829 2418 881 2470 toti

107 2488 170 2537 huic
188 2488 338 2547 narrationi
350 2488 487 2552 offinlisse,
518 2488 649 2556 plerisque
667 2491 768 2540 scilicet
785 2490 881 2540 nomi-

106 2557 220 2605 nativum
245 2557 326 2605 verbo
350 2557 422 2622 εἶχον
443 2576 474 2607 ert
491 2558 660 2622 praecedenti
685 2569 817 2608 commate
836 2578 882 2609 nr·

107 2624 281 2683 cessentibus,
312 2633 342 2674 ut
359 2626 533 2690 intelligatur,
564 2626 691 2694 Pyladem
710 2638 735 2676 et
754 2628 882 2679 Orestem

38 2706 47 2718 ⁸
109 2693 202 2754 fuisse,
227 2692 271 2756 qui
288 2710 393 2758 proram
413 2693 496 2745 coritis
513 2705 696 2747 sustentarent.
731 2696 833 2747 Verum
853 2694 883 2744 id

101 2776 196 2827 neque
213 2760 331 2826 dignitati
350 2779 442 2815 eorum
460 2764 645 2826 concernebat,
666 2781 751 2831 neque
770 2765 884 2814 omuino

109 2828 197 2881 facere
214 2840 372 2896 potueruut,
398 2833 424 2882 iu
442 2831 521 2887 litore
539 2834 623 2884 adhuc
641 2844 748 2883 stantes.
784 2833 885 2883 Enim·-

109 2911 174 2944 vero
191 2897 397 2951 subaudiendum
417 2896 506 2951 est-es‘
522 2904 574 2968 μὲν
581 2937 589 2960 ,
617 2904 656 2951 cni
677 2902 773 2952 deinde
792 2919 888 2970 oppo-

109 2964 180 3013 nitur
197 2967 334 3018 uotissimo
353 2988 426 3020 more
445 2966 473 3021 οἱ
489 2965 526 3022 δέ.
554 2970 638 3021 Huius
656 2970 796 3036 Ellipseos,
817 2988 888 3039 qnae

110 3051 161 3083 nec
178 3035 254 3084 valde
271 3038 368 3087 usitata
386 3049 438 3097 est,
456 3056 504 3088 nec
522 3057 536 3089 a
554 3040 639 3090 multis
657 3050 743 3089 tamen
762 3039 888 3090 animad-

111 3121 192 3186 versa,
210 3104 310 3225 ipsigue
328 3108 398 3174 apud
415 3107 559 3178 Homerum
574 3110 722 3174 exemplum
739 3119 789 3168 est,
808 3110 888 3160 lliad.

110 3190 145 3237 κ·
162 3192 189 3226 V·
204 3189 215 3224 l
237 3189 260 3242 Z·
